% References
@ARTICLE{wifi_what_next,
author={P. S. Henry and Hui Luo},
journal={IEEE Communications Magazine},
title={WiFi: what's next?},
year={2002},
volume={40},
number={12},
pages={66-72},
keywords={IEEE standards;Internet;broadband networks;business communication;computer network management;land mobile radio;security of data;telecommunication security;telecommunication standards;virtual private networks;wireless LAN;IEEE 802.11b standard;WiFi;broadband Internet access;business;home environments;hotspots;mobility;native security;network management;private applications;virtual private network;wireless local area networking;Authentication;Business;Cellular networks;Computer hacking;Data security;Interference;Layout;Privacy;Roads;Wireless LAN},
doi={10.1109/MCOM.2002.1106162},
ISSN={0163-6804},
month={Dec},}


@book{gast_2005,
      place={Sebastopol, CA},
      title={802.11 wireless networks: the definitive guide},
      publisher={O'Reilly},
      author={Gast, Matthew},
      year={2005}
    }
